@inproceedings{gilbert2008encrypt,
  title        = {How to encrypt with the LPN problem},
  author       = {Gilbert, Henri and Robshaw, Matthew JB and Seurin, Yannick},
  booktitle    = {Automata, Languages and Programming: 35th International Colloquium, ICALP 2008, Reykjavik, Iceland, July 7-11, 2008, Proceedings, Part II 35},
  pages        = {679--690},
  year         = {2008},
  organization = {Springer}
}


@inproceedings{hopper2001secure,
  title        = {Secure human identification protocols},
  author       = {Hopper, Nicholas J and Blum, Manuel},
  booktitle    = {Advances in Cryptologyâ€”ASIACRYPT 2001: 7th International Conference on the Theory and Application of Cryptology and Information Security Gold Coast, Australia, December 9--13, 2001 Proceedings 7},
  pages        = {52--66},
  year         = {2001},
  organization = {Springer}
}

@inproceedings{juels2005authenticating,
  title        = {Authenticating pervasive devices with human protocols},
  author       = {Juels, Ari and Weis, Stephen A},
  booktitle    = {Advances in Cryptology--CRYPTO 2005: 25th Annual International Cryptology Conference, Santa Barbara, California, USA, August 14-18, 2005. Proceedings 25},
  pages        = {293--308},
  year         = {2005},
  organization = {Springer}
}

@inproceedings{stern1993new,
  title        = {A new identification scheme based on syndrome decoding},
  author       = {Stern, Jacques},
  booktitle    = {Annual International Cryptology Conference},
  pages        = {13--21},
  year         = {1993},
  organization = {Springer}
}

@inproceedings{pietrzak2012cryptography,
  title        = {Cryptography from learning parity with noise},
  author       = {Pietrzak, Krzysztof},
  booktitle    = {International Conference on Current Trends in Theory and Practice of Computer Science},
  pages        = {99--114},
  year         = {2012},
  organization = {Springer}
}

@inproceedings{LPNluke2022medium,
  title  = {Learning Parity with Noise(LPN)},
  author = {luke},
  year   = 2023,
  note   = {\url{https://medium.com/zkpass/learning-parity-with-noise-lpn-55450fd4969c#:~:text=Learning%20Parity%20with%20Noise%20(LPN)%20is%20a%20mathematical%20problem%20widely,a%20secret%20by%20introducing%20noise} [Accessed: 2024]}
}